@misc{MoCanhCuaHyVong,
  author={Hải Vân},
  title={Mở cánh cửa hy vọng cho người khiếm thính},
  howpublished={\url{https://nhandan.vn/baothoinay-xahoi/mo-canh-cua-hy-vong-cho-nguoi-khiem-thinh-313775/}},
  month = {},
  year = {},
  note = {(Accessed on 03/08/2021)}
}

@online{knuthwebsite,
    author    = "Donald Knuth",
    title     = "Knuth: Computers and Typesetting",
    url       = "http://www-cs-faculty.stanford.edu/~uno/abcde.html",
    keywords  = "latex,knuth"
}

